
@online{firstGPU,
  author =      {Nvidia},
  title =       {NVIDIA Launches the World's First Graphics Processing Unit: GeForce 256},
  date  =       {1999-8-31},
  urldate =     {2016-04-12},
  url =         {https://www.nvidia.com/object/IO_20020111_5424.html},
}
@inproceedings{Appel:1968:TSM:1468075.1468082,
 author = {Appel, Arthur},
 title = {Some Techniques for Shading Machine Renderings of Solids},
 booktitle = {Proceedings of the April 30--May 2, 1968, Spring Joint Computer Conference},
 series = {AFIPS '68 (Spring)},
 year = {1968},
 location = {Atlantic City, New Jersey},
 pages = {37--45},
 numpages = {9},
 url = {http://doi.acm.org/10.1145/1468075.1468082},
 doi = {10.1145/1468075.1468082},
 acmid = {1468082},
 publisher = {ACM},
 address = {New York, NY, USA},
}
 @inproceedings{Krizhevsky:2012:ICD:2999134.2999257,
 author = {Krizhevsky, Alex and Sutskever, Ilya and Hinton, Geoffrey E.},
 title = {ImageNet Classification with Deep Convolutional Neural Networks},
 booktitle = {Proceedings of the 25th International Conference on Neural Information Processing Systems - Volume 1},
 series = {NIPS'12},
 year = {2012},
 location = {Lake Tahoe, Nevada},
 pages = {1097--1105},
 numpages = {9},
 url = {http://dl.acm.org/citation.cfm?id=2999134.2999257},
 acmid = {2999257},
 publisher = {Curran Associates Inc.},
 address = {USA},
} 
@article{He2016DeepRL,
  title={Deep Residual Learning for Image Recognition},
  author={Kaiming He and Xiangyu Zhang and Shaoqing Ren and Jian Sun},
  journal={2016 IEEE Conference on Computer Vision and Pattern Recognition (CVPR)},
  year={2016},
  pages={770-778}
}
@inproceedings{goodfellow2014generative,
  title={Generative adversarial nets},
  author={Goodfellow, Ian and Pouget-Abadie, Jean and Mirza, Mehdi and Xu, Bing and Warde-Farley, David and Ozair, Sherjil and Courville, Aaron and Bengio, Yoshua},
  booktitle={Advances in neural information processing systems},
  pages={2672--2680},
  year={2014}
}
@article{kingma2013auto,
  title={Auto-encoding variational bayes},
  author={Kingma, Diederik P and Welling, Max},
  journal={arXiv preprint arXiv:1312.6114},
  year={2013}
}
@inproceedings{immel1986radiosity,
  title={A radiosity method for non-diffuse environments},
  author={Immel, David S and Cohen, Michael F and Greenberg, Donald P},
  booktitle={ACM Siggraph Computer Graphics},
  volume={20},
  number={4},
  pages={133--142},
  year={1986},
  organization={ACM}
}
@inproceedings{kajiya1986rendering,
  title={The rendering equation},
  author={Kajiya, James T},
  booktitle={ACM SIGGRAPH computer graphics},
  volume={20},
  number={4},
  pages={143--150},
  year={1986},
  organization={ACM}
}
@inproceedings{Fredholm,
  title={12.2.1 The path tracing solution to the rendering equation},
  author={ Watt, Alan; Watt, Mark },
  booktitle={Advanced Animation and Rendering Techniques: Theory and Practice. Addison-Wesley Professional.},
  year={1992},
  organization={ACM}
}
@inproceedings{Kajiya:1984:RTV:800031.808594,
 author = {Kajiya, James T. and Von Herzen, Brian P},
 title = {Ray Tracing Volume Densities},
 booktitle = {Proceedings of the 11th Annual Conference on Computer Graphics and Interactive Techniques},
 series = {SIGGRAPH '84},
 year = {1984},
 isbn = {0-89791-138-5},
 pages = {165--174},
 numpages = {10},
 url = {http://doi.acm.org/10.1145/800031.808594},
 doi = {10.1145/800031.808594},
 acmid = {808594},
 publisher = {ACM},
 address = {New York, NY, USA},
 keywords = {Clouds, Computer graphics, Light scattering, Particle systems, Radiative transport, Raster graphics, Ray tracing, Simulation of natural phenomena, Stochastic modeling},
} 
@article{smith2008transient,
  title={Transient rendering},
  author={Smith, Adam and Skorupski, James and Davis, James},
  year={2008},
  publisher={Citeseer}
}
@inproceedings{whitted1979improved,
  title={An improved illumination model for shaded display},
  author={Whitted, Turner},
  booktitle={ACM SIGGRAPH Computer Graphics},
  volume={13},
  number={2},
  pages={14},
  year={1979},
  organization={ACM}
}
@inproceedings{cook1984distributed,
  title={Distributed ray tracing},
  author={Cook, Robert L and Porter, Thomas and Carpenter, Loren},
  booktitle={ACM SIGGRAPH computer graphics},
  volume={18},
  number={3},
  pages={137--145},
  year={1984},
  organization={ACM}
}
@inproceedings{Veach:1995:OCS:218380.218498,
 author = {Veach, Eric and Guibas, Leonidas J.},
 title = {Optimally Combining Sampling Techniques for Monte Carlo Rendering},
 booktitle = {Proceedings of the 22Nd Annual Conference on Computer Graphics and Interactive Techniques},
 series = {SIGGRAPH '95},
 year = {1995},
 isbn = {0-89791-701-4},
 pages = {419--428},
 numpages = {10},
 url = {http://doi.acm.org/10.1145/218380.218498},
 doi = {10.1145/218380.218498},
 acmid = {218498},
 publisher = {ACM},
 address = {New York, NY, USA},
 keywords = {Monte Carlo, distribution ray tracing, global illumination, lighting simulation, rendering, variance reduction},
} 
@article{Morokoff:1995:QCI:219503.219511,
 author = {Morokoff, William J. and Caflisch, Russel E.},
 title = {Quasi-Monte Carlo Integration},
 journal = {J. Comput. Phys.},
 issue_date = {Dec. 1995},
 volume = {122},
 number = {2},
 month = dec,
 year = {1995},
 issn = {0021-9991},
 pages = {218--230},
 numpages = {13},
 url = {http://dx.doi.org/10.1006/jcph.1995.1209},
 doi = {10.1006/jcph.1995.1209},
 acmid = {219511},
 publisher = {Academic Press Professional, Inc.},
 address = {San Diego, CA, USA},
} 
@article{dammertz2010hierarchical,
  title={A hierarchical automatic stopping condition for Monte Carlo global illumination},
  author={Dammertz, Holger and Hanika, Johannes and Keller, Alexander and Lensch, Hendrik},
  year={2010},
  publisher={V{\'a}clav Skala-UNION Agency}
}
@article{Sen2012OnFT,
  title={On filtering the noise from the random parameters in Monte Carlo rendering},
  author={Pradeep Sen and Soheil Darabi},
  journal={ACM Trans. Graph.},
  year={2012},
  volume={31},
  pages={18:1-18:15}
}
@article{Rousselle2011AdaptiveSA,
  title={Adaptive sampling and reconstruction using greedy error minimization},
  author={Fabrice Rousselle and Claude Knaus and Matthias Zwicker},
  journal={ACM Trans. Graph.},
  year={2011},
  volume={30},
  pages={159}
}
@article{Belcour:2013:CTE:2487228.2487239,
 author = {Belcour, Laurent and Soler, Cyril and Subr, Kartic and Holzschuch, Nicolas and Durand, Fredo},
 title = {5D Covariance Tracing for Efficient Defocus and Motion Blur},
 journal = {ACM Trans. Graph.},
 issue_date = {June 2013},
 volume = {32},
 number = {3},
 month = jul,
 year = {2013},
 issn = {0730-0301},
 pages = {31:1--31:18},
 articleno = {31},
 numpages = {18},
 url = {http://doi.acm.org/10.1145/2487228.2487239},
 doi = {10.1145/2487228.2487239},
 acmid = {2487239},
 publisher = {ACM},
 address = {New York, NY, USA},
 keywords = {Fourier analysis, global illumination, motion blur},
} 
@article{lafortune1993bi,
  title={Bi-directional path tracing},
  author={Lafortune, Eric P and Willems, Yves D},
  year={1993}
}
@article{jensen1995photon,
  title={Photon maps in bidirectional Monte Carlo ray tracing of complex objects},
  author={Jensen, Henrik Wann and Christensen, Niels J{\o}rgen},
  journal={Computers \& Graphics},
  volume={19},
  number={2},
  pages={215--224},
  year={1995},
  publisher={Elsevier}
}
@inproceedings{hachisuka2008progressive,
  title={Progressive photon mapping},
  author={Hachisuka, Toshiya and Ogaki, Shinji and Jensen, Henrik Wann},
  booktitle={ACM Transactions on Graphics (TOG)},
  volume={27},
  number={5},
  pages={130},
  year={2008},
  organization={ACM}
}
@inproceedings{hachisuka2009stochastic,
  title={Stochastic progressive photon mapping},
  author={Hachisuka, Toshiya and Jensen, Henrik Wann},
  booktitle={ACM Transactions on Graphics (TOG)},
  volume={28},
  number={5},
  pages={141},
  year={2009},
  organization={ACM}
}

@inproceedings{Bavoil2008ImagespaceHA,
  title={Image-space horizon-based ambient occlusion},
  author={Louis Bavoil and Miguel Sainz and Rouslan Dimitrov},
  booktitle={SIGGRAPH '08},
  year={2008}
}

@book{RTR4,
 author = {Tomas Akenine-M\"{o}ller and Eric Haines and Naty Hoffman and Angelo Pesce and Micha\l{} Iwanicki and S\'{e}bastien Hillaire},
 title = {Real-Time Rendering 4th Edition},
 year = {2018},
 pages = {1200},
 isbn = {978-1-13862-700-0},
 publisher = {A K Peters/CRC Press},
 address = {Boca Raton, FL, USA},
}
@inproceedings{LINKS1,
  title={Current Computer Graphics},
  author={T. Kawata, I. Shirakawa, and K. Ohmura},
  booktitle={Systems and Controls},
  volume={27},
  number={6},
  pages={9-13},
  year={1983}
}
@online{QuakeWars,
  author =      {Theo Valich},
  title =       {Intel converts ET: Quake Wars to ray tracing},
  date  =       {2008-6-12},
  urldate =     {2008-6-16},
  url =         {https://www.tgdaily.com/37925-intel-converts-et-quake-wars-to-ray-tracing/},
}
@inproceedings{parker2010optix,
  title={OptiX: a general purpose ray tracing engine},
  author={Parker, Steven G and Bigler, James and Dietrich, Andreas and Friedrich, Heiko and Hoberock, Jared and Luebke, David and McAllister, David and McGuire, Morgan and Morley, Keith and Robison, Austin and others},
  booktitle={Acm transactions on graphics (tog)},
  volume={29},
  number={4},
  pages={66},
  year={2010},
  organization={ACM}
}
@online{RTXOn,
  author =      {Alwani, Rishi},
  title =       {Microsoft and Nvidia Tech to Bring Photorealistic Games With Ray Tracing},
  date  =       {2018-3-21},
  urldate =     {2018-3-21},
  url =         {https://gadgets.ndtv.com/laptops/news/microsoft-dxr-nvidia-rtx-ray-tracing-volta-gpu-metro-exodus-1826988},
}
@online{Vega,
  author =      {Dan Flatt},
  title =       {Real-Time Ray Tracing with Radeon ProRender},
  date  =       {2018-3-20},
  urldate =     {2018-3-20},
  url =         {https://gpuopen.com/announcing-real-time-ray-tracing/},
}
@article{Mller2018NeuralIS,
  title={Neural Importance Sampling},
  author={Thomas M{\"u}ller and Brian McWilliams and Fabrice Rousselle and Markus H. Gross and Jan Nov{\'a}k},
  journal={CoRR},
  year={2018},
  volume={abs/1808.03856}
}
@article{chaitanya2017interactive,
  title={Interactive reconstruction of Monte Carlo image sequences using a recurrent denoising autoencoder},
  author={Chaitanya, Chakravarty R Alla and Kaplanyan, Anton S and Schied, Christoph and Salvi, Marco and Lefohn, Aaron and Nowrouzezahrai, Derek and Aila, Timo},
  journal={ACM Transactions on Graphics (TOG)},
  volume={36},
  number={4},
  pages={98},
  year={2017},
  publisher={ACM}
}
@article{kalantari2015machine,
  title={A machine learning approach for filtering Monte Carlo noise.},
  author={Kalantari, Nima Khademi and Bako, Steve and Sen, Pradeep},
  journal={ACM Trans. Graph.},
  volume={34},
  number={4},
  pages={122--1},
  year={2015}
}
@article{bako2017kernel,
  title={Kernel-predicting convolutional networks for denoising Monte Carlo renderings.},
  author={Bako, Steve and Vogels, Thijs and McWilliams, Brian and Meyer, Mark and Nov{\'a}k, Jan and Harvill, Alex and Sen, Pradeep and Derose, Tony and Rousselle, Fabrice},
  journal={ACM Trans. Graph.},
  volume={36},
  number={4},
  pages={97--1},
  year={2017}
}
@InProceedings{handa:etal:ICRA2014,
author = {A. Handa and T. Whelan and J.B. McDonald and A.J. Davison},
title = {A Benchmark for {RGB-D} Visual Odometry, {3D} Reconstruction and {SLAM}},
booktitle = {IEEE Intl. Conf. on Robotics and Automation, ICRA},
address = {Hong Kong, China},
month = {May},
year = {2014}
}
@article{McCormac:etal:arXiv2016,
  author = {John McCormac and
      Ankur Handa and
            Stefan Leutenegger and
            Andrew J.Davison},
  title = {SceneNet RGB-D: 5M Photorealistic Images of Synthetic Indoor Trajectories with Ground Truth },
    booktitle = {arXiv},
  year = {2016}
}
@article{song2016ssc,
  author     = {Song, Shuran and Yu, Fisher  and Zeng, Andy and Chang, Angel X and Savva, Manolis and Funkhouser, Thomas},
  title      = {Semantic Scene Completion from a Single Depth Image},
  journal 	 = {Proceedings of 30th IEEE Conference on Computer Vision and Pattern Recognition},
  year       = {2017},
}
@inproceedings { InteriorNet18,
      author = { Wenbin Li and Sajad Saeedi and John McCormac and Ronald Clark and 
                 Dimos Tzoumanikas and Qing Ye and Yuzhong Huang and Rui Tang and 
                 Stefan Leutenegger },
   booktitle = { British Machine Vision Conference (BMVC) },
       title = { InteriorNet: Mega-scale Multi-sensor Photo-realistic Indoor Scenes Dataset },
        year = { 2018 }
}
@INPROCEEDINGS{7780721, 
  author={G. {Ros} and L. {Sellart} and J. {Materzynska} and D. {Vazquez} and A. M. {Lopez}}, 
  booktitle={2016 IEEE Conference on Computer Vision and Pattern Recognition (CVPR)}, 
  title={The SYNTHIA Dataset: A Large Collection of Synthetic Images for Semantic Segmentation of Urban Scenes}, 
  year={2016}, 
  volume={}, 
  number={}, 
  pages={3234-3243}, 
  keywords={image annotation;image segmentation;neural nets;SYNTHIA dataset;synthetic image collection;semantic urban scene segmentation;vision-based semantic segmentation;autonomous driving;deep convolutional neural networks;DCNN;class annotations;pixel-level annotations;Semantics;Image segmentation;Urban areas;Visualization;Training;Computer vision;Context}, 
  doi={10.1109/CVPR.2016.352}, 
  ISSN={1063-6919}, 
  month={June},
}
@article{Gaidon2016VirtualWorldsAP,
  title={VirtualWorlds as Proxy for Multi-object Tracking Analysis},
  author={Adrien Gaidon and Qiao Wang and Yohann Cabon and Eleonora Vig},
  journal={2016 IEEE Conference on Computer Vision and Pattern Recognition (CVPR)},
  year={2016},
  pages={4340-4349}
}
@inproceedings{Qiu2016UnrealCVCC,
  title={UnrealCV: Connecting Computer Vision to Unreal Engine},
  author={Weichao Qiu and Alan Loddon Yuille},
  booktitle={ECCV Workshops},
  year={2016}
}
@article{Wrenninge2018SynscapesAP,
  title={Synscapes: A Photorealistic Synthetic Dataset for Street Scene Parsing},
  author={Magnus Wrenninge and Jonas Unger},
  journal={CoRR},
  year={2018},
  volume={abs/1810.08705}
}

@book{pharr2016physically,
  title={Physically based rendering: From theory to implementation},
  author={Pharr, Matt and Jakob, Wenzel and Humphreys, Greg},
  year={2016},
  publisher={Morgan Kaufmann}
}

@inproceedings{Walter2007MicrofacetMF,
  title={Microfacet Models for Refraction through Rough Surfaces},
  author={Bruce Walter and Steve Marschner and Hongsong Li and Kenneth E. Torrance},
  booktitle={Rendering Techniques},
  year={2007}
}
@article{GTR,
  author = {S. Trowbridge, T and P. Reitz, K},
  year = {1975},
  month = {05},
  pages = {},
  title = {Average irregularity representation of a rough surface for ray reflection},
  volume = {65},
  journal = {JOSA},
  doi = {10.1364/JOSA.65.000531}
}
@online{Phong,
  author =      {Fabian Giesen},
  title =       {Phong Normalization Factor derivation},
  date  =       {2009-3-22},
  urldate =     {2009-3-22},
  url =         {http://www.farbrausch.de/~fg/stuff/phong.pdf},
}













@book{IEEE-1363,
  author =       {{IEEE Std 1363-2000}},
  title =        {{IEEE} Standard Specifications for Public-Key Cryptography},
  address =      {New York},
  publisher =    {IEEE},
  year =         2000
}

@inproceedings{kocher99,
  author =       {C. Kocher and J. Jaffe and B. Jun},
  title =        {Differential Power Analysis},
  editor =       {M. Wiener},
  booktitle =    {Advances in Cryptology ({CRYPTO}~'99)},
  series =       {Lecture Notes in Computer Science},
  volume =       1666,
  pages =        {388-397},
  publisher =    {Springer-Verlag},
  address   =    {Germany},
  month =        {August},
  year =         1999
}

@incollection{Krasnogor2004e,
  author =       {N. Krasnogor},
  title =        {Towards robust memetic algorithms},
  booktitle =    {Recent Advances in Memetic Algorithms},
  publisher =    {Springer Berlin Heidelberg},
  year =         2004,
  pages =        {185-207},
  editor =       {W.E. Hart and N. Krasnogor and J.E. Smith},
  volume =       166,
  series =       {Studies in Fuzziness and Soft Computing},
  address =      {New York},
}

@incollection{zjsw,
  author =       {班固},
  title =        {苏武传},
  booktitle =    {传记散文英华},
  publisher =    {湖北人民出版社},
  year =         1998,
  pages =        {65-69},
  editor =       {郑在瀛 and 汪超宏 and 周文复},
  volume =       2,
  series =       {新古文观止丛书},
  address =      {武汉},
}

@inbook{clzs,
  author =       {阎真},
  title =        {沧浪之水},
  chapter =      {大人物还是讲人情的},
  pages =        {185-207},
  publisher =    {人民文学出版社},
  address =      {北京},
  year =         2001,
}

@book{tex,
  author =       "Donald E. Knuth",
  title =        "The {\TeX} Book",
  publisher =    "Addison-Wesley Publishing Company",
  address =      "Reading, MA",
  year =         1989,
  edition =      "15th",
}

@book{companion,
  author =       "Michel Goosens and Frank Mittelbach and Alexander Samarin",
  title =        "The {\LaTeX} Companion",
  publisher =    "Addison-Wesley Publishing Company",
  address =      "Reading, MA",
  PAGES =        "112--125",
  year =         1994,
}

@article{ELIDRISSI94,
  author =       "{Chafik El Idrissi}, M. and {Roney}, A. and {Frigon}, C. and
                  {Larzilli{\`e}re}, M.",
  title =        "Measurements of total kinetic-energy released to the {$N=2$}
                  dissociation limit of {H}$_2$ --- evidence of the dissociation
                  of very high vibrational {R}ydberg states of {H}$_2$ by
                  doubly-excited states",
  journal =      "Chemical Physics Letters",
  pages =        "260-266",
  volume =       224,
  number =       10,
  year =         1994,
}

@article{MELLINGER96,
  author =       "Mellinger, A. and Vidal, C. R. and Jungen, Ch.",
  title =        "Laser reduced fluorescence study of the carbon-monoxide nd
                  triplet {R}ydberg series-experimental results and multichannel
                  quantum-defect analysis",
  journal =      "J. Chem. Phys.",
  pages =        "8913-8921",
  volume =       104,
  number =       5,
  year =         1996,
}

@article{SHELL02,
  author =       "Michael Shell",
  title =        "How to Use the {IEEEtran \LaTeX} Class",
  journal =      "Journal of {\LaTeX} Class Files",
  year =         2002,
  volume =       12,
  number =       4,
  pages =        "100--120"
}

@TechReport{NPB2,
  title =        {The {NAS} Parallel Benchmarks 2.0},
  author =       {Alex Woo and David Bailey and Maurice Yarrow and Wijngaart
                  Wijngaart and Tim Harris and William Saphir},
  year =         1995,
  month =        dec # "~05",
  institution =  "The Pennsylvania State University CiteSeer Archives",
  url =          "http://www.nasa.org/"
}

@inproceedings{DPMG,
  author =       {Kim, Sangbum and Woo, Namyoon and Yeom, Heon Y. and Park,
                  Taesoon and Park, Hyoungwoo},
  title =        {Design and {I}mplementation of {D}ynamic {P}rocess
                  {M}anagement for {G}rid-enabled {MPICH}},
  booktitle =    {the 10th European PVM/MPI Users' Group Conference},
  editor =       {Jack Dongarra and Domenico Laforenza and Salvatore Orlando},
  publisher =    {Springer-Verlag},
  year =         2003,
  address =      {Venice, Italy},
  month =        sep,
}

@inproceedings{cnproceed,
  author =       {王重阳 and 黄药师 and 欧阳峰 and 洪七公 and 段皇帝},
  publisher =    {金大庸},
  title =        {武林高手从入门到精通},
  booktitle =    {第~$N$~次华山论剑},
  year =         2006,
  address =      {西安, 中国},
  month =        sep,
}

@article{cnarticle,
  author =       "贾宝玉 and 林黛玉 and 薛宝钗 and 贾探春",
  title =        "论刘姥姥食量大如牛之现实意义",
  journal =      "红楼梦杂谈",
  pages =        "260--266",
  volume =       224,
  year =         1800,
}

@mastersthesis{zhubajie,
  author =       {猪八戒},
  title =        {论流体食物的持久保存},
  school =       {广寒宫大学},
  year =         2005,
  address =      {北京},
}

@phdthesis{shaheshang,
  author =       {沙和尚},
  title =        {论流沙河的综合治理},
  school =       {清华大学},
  year =         2005,
  address =      {北京},
}

@mastersthesis{metamori2004,
  author =       {Ashwin Raju Jeyakumar},
  title =        {Metamori: A library for Incremental File Checkpointing},
  school =       {Virgina Tech},
  year =         2004,
  month =        jun # "~21",
  address =      {Blacksburg},
}

@phdthesis{FistSystem01,
  author =       "Erez Zadok",
  title =        "{FiST: A System for Stackable File System Code Generation}",
  year =         2001,
  month =        "May",
  school =       "Computer Science Department, Columbia University",
  address =      "USA"
}

@inbook{ColdSources,
  author =       {P. Gr{\"o}ning and L. Nilsson and P. Ruffieux and R.
                  Clergereaux and O. Gr{\"o}ning},
  title =        {Encyclopedia of Nanoscience and Nanotechnology},
  pages =        {547--579},
  publisher =    {American Scientific Publishers},
  year =         2004,
  volume =       1,
  address =      {USA},
}

@online{chuban2001,
  author =      {萧钰},
  title =       {出版业信息化迈入快车道},
  date  =       {2001-12-19},
  urldate =     {2002-04-15},
  url =         {http://www.creader.com/news/200112190019.htm},
}

@online{oclc2000,
  author =      {{Online Computer Library Center, Inc.}},
  title =       {History of {OCLC}},
  year =        2000,
  urldate =     {2000-01-08},
  url =         {http://www.oclc.org/about/history/default.htm},
}


@online{thuthesis,
  author =      {薛瑞尼},
  title =       {ThuThesis: 清华大学学位论文模板},
  urldate =     {2019-04-27},
  url =         {https://github.com/xueruini/thuthesis},
  year =        2017,
}
